@article{1999:iec62106,
    author = {RDS Forum Office},
    title = {{The new RDS IEC 62106:1999 standard}},
    year = {1999}
}

@misc{RFAnalyzer_GitHub,
  title = {demantz/RFAnalyzer: Spectrum Analyzer for Android using the HackRF},
  howpublished = {\url{https://github.com/demantz/RFAnalyzer}},
}

@misc{HackRF_Driver_GitHub,
  title = {demantz/hackrf\_{}android: A ported version of Michael Ossmann's libhackrf library to use with Android 3.1+},
  howpublished = {\url{https://github.com/demantz/hackrf_android}},
}

@article{martinez1998psk31,
  title={PSK31: A new radio-teletype mode with a traditional philosophy},
  author={Martinez, Peter},
  journal={RADCOM magazine, December},
  year={1998}
}
