@misc{ANSIAN_GitHub,
  title = {Android Signal Analyzer Sourcecode},
  howpublished = {\url{https://github.com/matze765/AnSiAn}}
}

@report{Mantz2016, 
author = {Mantz, D. and Engelhardt, M.}, 
institution = {Secure Mobile Networking Lab, TU Darmstadt}, 
title = {AnSiAn - Android Signal Analyzer Documentation}, 
year = {2016}, 
howpublished = {\url{https://github.com/demantz/AnSiAn/blob/master/docs/project_doc/ansian_project_doc.pdf}}
}

@standard{RDS1999,
	author = {RDS Forum},
	title = {The new RDS IEC 62106:1999 standard},
	type = {IEC},
	number = {IEC 62106:1993},
	year = {1999}
}


@misc{octavefmmod, 
	title= {Octave Communications Package fmmod},
	howpublished = {\url{https://octave.sourceforge.io/communications/function/fmmod.html}}
}